@article{paulhus1999beggar,
  title={Beggar my neighbour},
  author={Paulhus, Marc M},
  journal={American Mathematical Monthly},
  pages={162--165},
  year={1999},
  publisher={JSTOR}
}

% http://www.maa.org/publications/maa-reviews/games-of-no-chance-3
@book{albert2009games,
    author    = {Michael H. Albert and Richard J. Nowakowski editors},
    title={Games of No Chance 3},
    publisher = {Cambridge University Press},
    series   = {Mathematical Sciences Research Institute Publications 56},
    year      = {2009},
    note     = {ISBN: 9780521678544}
}

% http://www.maa.org/publications/maa-reviews/winning-ways-for-your-mathematical-plays-volume-4
@book{winning_ways_2004,
    author    = {Elwyn R. Berlekamp, John Horton Conway and Richard K. Guy},
    title={Winning Ways for Your Mathematical Plays, volume 4},
    publisher = {A K Peters},
    year      = {2004},
    note     = {ISBN: 1568811446}
}

@article{spivey2010cycles,
  title={Cycles in war},
  author={Spivey, Michael Z},
  journal={Integers},
  volume={10},
  number={6},
  pages={747--764},
  year={2010}
}

@article{russians_arxiv,
  author    = {\foreignlanguage{russian}{Е. Лакштанов Алена Алексенко}},
  title     = {\foreignlanguage{russian}{Конечность продолжительности карточной игры «Разори моего соседа»}},
  journal   = {http://arxiv.org/abs/1109.1460v2},
  volume    = {},
  year      = {2011},
  ee        = {}
}

@article{russians_2013,
year={2013},
issn={0032-9460},
journal={Problems of Information Transmission},
volume={49},
number={2},
doi={10.1134/S0032946013020051},
title={Finiteness in the Beggar-My-Neighbor card game},
url={http://dx.doi.org/10.1134/S0032946013020051},
publisher={Springer US},
author={Lakshtanov, E.L. and Aleksenko, A.I.},
pages={163-166},
language={English}
}

% http://library.msri.org/books/Book42/
@book{nowakowski2002more,
  title={More games of no chance},
  author={Nowakowski, Richard},
  volume={42},
  year={2002},
  publisher={Cambridge University Press},
  note     = {ISBN: 0521808324}
}
